@inproceedings{vaswani-etal-2017-attention,
    title = "Attention is All You Need",
    author = "Vaswani, Ashish and Shazeer, Noam and Parmar, Niki and Uszkoreit, Jakob and Jones, Llion and Gomez, Aidan N. and Kaiser, Lukasz and Polosukhin, Illia",
    booktitle = "NeurIPS",
    year = "2017",
}

@article{radford-etal-2019-language,
    title = "Language Models are Unsupervised Multitask Learners",
    author = "Radford, Alec and Wu, Jeffrey and Child, Rewon and Luan, David and Amodei, Dario and Sutskever, Ilya",
    year = "2019",
}
